<?xml version="1.0" encoding="UTF-8"?><collection xmlns="http://www.loc.gov/MARC21/slim"><record><leader>00516nam--2200169-u-4500</leader><controlfield tag="001">000055487</controlfield><controlfield tag="002">20161230</controlfield><controlfield tag="005">20161230201052</controlfield><controlfield tag="008">130214s1000------------r-----000-0-eng-d</controlfield><datafield ind1=" " ind2=" " tag="040"><subfield code="a">IFIN-HH</subfield></datafield><datafield ind1=" " ind2=" " tag="080"><subfield code="a">801.323.2=82=590:62(038)</subfield></datafield><datafield ind1="1" ind2=" " tag="100"><subfield code="a">Andrianov, B.A</subfield></datafield><datafield ind1="1" ind2="0" tag="245"><subfield code="a">Dicitonar politehinc russo-roman</subfield><subfield code="b">Russko-ruminskii politehniceskii slovari</subfield><subfield code="c">B.a. andrianov</subfield></datafield><datafield ind1=" " ind2=" " tag="260"><subfield code="a">Moscova</subfield><subfield code="b">Editura De Stat De Literatura Tehnico-teoretica</subfield><subfield code="c">1953</subfield></datafield><datafield ind1=" " ind2=" " tag="300"><subfield code="a">820P</subfield></datafield><datafield ind1=" " ind2=" " tag="852"><subfield code="a">D.74</subfield><subfield code="c">SLF</subfield></datafield><datafield ind1=" " ind2=" " tag="CAT"><subfield code="a">Sys</subfield><subfield code="c">20130214</subfield><subfield code="h">135521</subfield></datafield></record></collection>